<record xmlns='http://www.loc.gov/MARC21/slim'
><leader
  >01701ntm a2200337Ii 4500</leader
  ><controlfield tag='001'
  >991058321103506011</controlfield
  ><controlfield tag='005'
  >20220606150426.0</controlfield
  ><controlfield tag='008'
  >220606s1607    enk           000 0 eng d</controlfield
  ><datafield ind1=' ' ind2=' ' tag='035'
  ><subfield code='a'
    >(OCoLC)1325591925h</subfield
    ></datafield
  ><datafield ind1=' ' ind2=' ' tag='035'
  ><subfield code='a'
    >(OCoLC)on1325591925h</subfield
    ></datafield
  ><datafield ind1=' ' ind2=' ' tag='040'
  ><subfield code='a'
    >HRH</subfield
    ><subfield code='b'
    >eng</subfield
    ><subfield code='e'
    >dcrmmss</subfield
    ><subfield code='c'
    >HRH</subfield
    ></datafield
  ><datafield ind1=' ' ind2=' ' tag='041'
  ><subfield code='a'
    >eng</subfield
    ></datafield
  ><datafield ind1=' ' ind2=' ' tag='049'
  ><subfield code='a'
    >HRHH</subfield
    ></datafield
  ><datafield ind1=' ' ind2='9' tag='099'
  ><subfield code='a'
    >MS 3327, Container 128</subfield
    ></datafield
  ><datafield ind1='0' ind2='0' tag='245'
  ><subfield code='a'
    >Indenture, 1607 May 12, between John Williams of London and Richard Shelly of Itchingfield (Etchingfield), Sussex regarding the transfer of a tenement in St. John&apos;s Street in Clerkenwell, London :</subfield
    ><subfield code='k'
    >manuscript.</subfield
    ></datafield
  ><datafield ind1=' ' ind2='0' tag='264'
  ><subfield code='a'
    >England (Itchingfield, Sussex) ;</subfield
    ><subfield code='c'
    >1607 May 12</subfield
    ></datafield
  ><datafield ind1=' ' ind2=' ' tag='300'
  ><subfield code='a'
    >1 leaf :</subfield
    ><subfield code='b'
    >parchment,</subfield
    ><subfield code='c'
    >29 x 28 cm</subfield
    ></datafield
  ><datafield ind1=' ' ind2=' ' tag='336'
  ><subfield code='a'
    >text</subfield
    ><subfield code='b'
    >txt</subfield
    ><subfield code='2'
    >rdacontent</subfield
    ></datafield
  ><datafield ind1=' ' ind2=' ' tag='337'
  ><subfield code='a'
    >unmediated</subfield
    ><subfield code='b'
    >n</subfield
    ><subfield code='2'
    >rdamedia</subfield
    ></datafield
  ><datafield ind1=' ' ind2=' ' tag='338'
  ><subfield code='a'
    >volume</subfield
    ><subfield code='b'
    >nc</subfield
    ><subfield code='2'
    >rdacarrier</subfield
    ></datafield
  ><datafield ind1=' ' ind2=' ' tag='500'
  ><subfield code='a'
    >Title devised by cataloger.</subfield
    ></datafield
  ><datafield ind1=' ' ind2=' ' tag='500'
  ><subfield code='a'
    >Witnessed on verso by John Milton, scrivener (father of the poet Milton), Thomas Bisshoppe, George Hobbs and Henry Michell.</subfield
    ></datafield
  ><datafield ind1=' ' ind2=' ' tag='590'
  ><subfield code='a'
    >MS 3327, Container 128: Probably owned by Perceval Lucas at the beginning of the twentieth century, who wrote a note about this document in Notes and Queries, series 11, vol. 2 (1910), p. 427; acquired by A. W. F. Fuller, 17 December 1946; signature and date written in pencil on the plica. Plica with remains of parchment strap for a pendant seal; previously folded. DIDB record: 27823</subfield
    ></datafield
  ><datafield ind1=' ' ind2='7' tag='655'
  ><subfield code='a'
    >Indentures.</subfield
    ><subfield code='2'
    >aat</subfield
    ></datafield
  ><datafield ind1='1' ind2=' ' tag='700'
  ><subfield code='a'
    >Williams, John.</subfield
    ></datafield
  ><datafield ind1='1' ind2=' ' tag='700'
  ><subfield code='a'
    >Shelly, Richard.</subfield
    ></datafield
  ><datafield ind1='1' ind2=' ' tag='790'
  ><subfield code='a'
    >Lucas, Perceval,</subfield
    ><subfield code='e'
    >former owner.</subfield
    ></datafield
  ><datafield ind1='1' ind2=' ' tag='790'
  ><subfield code='a'
    >Fuller, A. W. F.,</subfield
    ><subfield code='e'
    >former owner.</subfield
    ></datafield
  ><datafield ind1='2' ind2=' ' tag='791'
  ><subfield code='a'
    >Medieval and Early Modern Manuscripts Collection.</subfield
    ></datafield
  ><datafield ind1=' ' ind2=' ' tag='752'
  ><subfield code='a'
    >England,</subfield
    ><subfield code='e'
    >producation place.</subfield
    ></datafield
  ><datafield ind1=' ' ind2=' ' tag='994'
  ><subfield code='a'
    >C0</subfield
    ><subfield code='b'
    >HRH</subfield
    ></datafield
  ></record
>